@book{windowsbookpt1,
  Author = {Mark E. Russinovich and David A. Solomon and Alex Ionescu},
  Title = {Windows Internals, Part 1 (Developer Reference)},
  Publisher = {Microsoft Press},
  Year = {2012},
  ISBN = {978-0-73564873-9},
  URL = {https://www.amazon.com/Windows-Internals-Part-Developer-Reference-ebook/dp/B00JDMPHIG?SubscriptionId=0JYN1NVW651KCA56C102&tag=techkie-20&linkCode=xm2&camp=2025&creative=165953&creativeASIN=B00JDMPHIG}
}

@book{freeBsdBook,
  Author = {Marshall Kirk McKusick and George V. Neville-Neil and Robert N.M. Watson},
  Title = {The Design and Implementation of the FreeBSD Operating System},
  Publisher = {Addison-Wesley Professional},
  Year = {2014},
  ISBN = {9780321968975},
  URL = {https://www.amazon.com/Design-Implementation-FreeBSD-Operating-System-ebook/dp/B00O56CFEE?SubscriptionId=0JYN1NVW651KCA56C102&tag=techkie-20&linkCode=xm2&camp=2025&creative=165953&creativeASIN=B00O56CFEE}
}


@book{CFS,
title = {Completely Fair Scheduler},
author = {Wikipedia},
year = 2018,
url = {https://en.wikipedia.org/wiki/Completely_Fair_Scheduler},
urldate ={2018-4-14}
}

@book{CSP,
title = {Cryptographic Service Provider},
author = {Wikipedia},
year = 2016,
url = {https://en.wikipedia.org/wiki/Cryptographic_Service_Provider},
urldate ={2018-4-14}
}

@book{microsoft,
title = {Processes and Threads},
author = {Microsoft},
year = 2018,
url = {https://msdn.microsoft.com/en-us/library/windows/desktop/aa380255(v=vs.85).aspx,
urldate ={2018-4-14}
}}


@book{windowsbookpt2,
  Author = {Mark E. Russinovich and David A. Solomon and Alex Ionescu},
  Title = {Windows Internals, Part 1 (Developer Reference)},
  Publisher = {Microsoft Press},
  Year = {2012},
  ISBN = {978-0-73564873-9},
  URL = {http://materias.fi.uba.ar/7508/WI6/Windows}
}


@book{FreeBSDIO,
title = {I/O System},
author = {freebsd.org},
year = 2017,
url = {https://www.freebsd.org/doc/en/books/design-44bsd/overview-io-system.html},
urldate ={2018-4-14}
}

@book{DeadlineWiki,
title = {Deadline scheduler},
author = {Wikipedia},
year = 2017,
url = {https://en.wikipedia.org/wiki/Deadline_scheduler},
urldate ={2018-4-14}
}


@book{geeksDiskSchedulingAlgorithms,
title = {Disk Scheduling Algorithms},
author = {GeeksforGeeks},
year = 2017,
url = {https://www.geeksforgeeks.org/disk-scheduling-algorithms/},
urldate ={2018-4-14}
}

@misc{all_answers_ltd_2015, title={Compare the memory management of windows with linux}, url={https://www.ukessays.com/essays/engineering/compare-the-memory-management.php}, journal={UKEssays}, author={All Answers ltd}, year={2015}, month={Mar}} 


@misc{dube_1998, title={A Comparison of the Memory Management sub-systems in FreeBSD and Linux}, url={https://drum.lib.umd.edu/bitstream/handle/1903/962/CS-TR-3929.pdf?sequence=2}, journal={drumlib}, publisher={University of maryland}, author={Dube, Rohit}, year={1998}, month={Sep}}

